3846 4794
109 443 230 512 niteris
249 437 417 524 proderet,
438 453 536 518 quum
556 431 651 498 nobis
670 433 835 518 octoginta
854 453 911 514 sex
933 435 1164 501 semunciarum
1183 435 1255 501 eius
1280 451 1404 517 eaeque
1424 453 1490 501 non
1511 453 1585 502 raro
1599 451 1696 520 ogre·

108 549 199 636 giso,
219 539 388 611 codicibus
407 541 517 604 nescio
538 536 625 602 unde
644 537 780 602 relictae
801 537 890 602 sint?
932 539 981 604 Nc
1002 539 1071 622 ipse
1092 538 1223 622 quidam
1243 540 1384 604 loannes
1407 537 1583 623 Stobaeus,
1611 538 1696 620 quod

109 651 215 734 mgis
236 647 335 714 otiam
353 643 493 724 mirum,
519 658 616 722 quem
645 658 905 723 unumquemque
925 645 1070 707 veterum
1093 643 1288 725 scriptorum
1315 643 1350 718 iu
1372 659 1446 708 sues
1466 661 1543 706 usrrs
1566 659 1697 705 conser-

110 755 190 820 tissa
212 751 347 830 scimus,
368 748 470 810 ullam
490 746 543 810 val
564 744 681 809 harum
701 744 951 823 sententiarum,
967 744 1389 826 ,quassconicssnonnuln
1409 743 1503 810 nobis
1523 745 1561 808 ut
1581 744 1697 807 liemo-

110 857 238 922 cratoas
258 851 445 930 sanarunt,
477 847 530 913 vcl
560 846 692 912 omuino
720 841 821 911 ullam
848 847 946 911 aliam
971 848 1011 911 in
1029 847 1221 932 florilegium
1242 865 1337 912 suum
1357 846 1502 927 undique
1523 845 1698 912 conflatum

110 931 246 1042 recapit.
291 953 446 1020 Prostant
466 951 530 1015 duo
551 949 681 1031 quidem
702 949 788 1030 apud
809 967 882 1012 eum
901 948 985 1032 loci,
1016 950 1134 1031 quibus
1155 951 1357 1016 Democratis
1378 968 1496 1013 nomen
1518 947 1697 1032 praefixum

110 1065 176 1139 cst,
197 1056 255 1124 aad
275 1057 337 1122 nso
357 1053 640 1134 narratiunculae,
667 1045 733 1116 no'n
754 1051 932 1116 sententiae
952 1055 1044 1135 sunt,
1066 1053 1259 1118 ct·auctoris
1281 1050 1404 1130 Attici,
1425 1070 1492 1117 non
1511 1051 1620 1116 lonici
1640 1052 1697 1115 ha·

110 1159 300 1242 beudw),
318 1157 417 1224 tertio
438 1155 577 1237 quedam
597 1155 689 1235 loco,
710 1171 778 1234 quo
797 1152 883 1219 idem
904 1154 983 1218 olim
1004 1155 1121 1220 lemma
1142 1156 1308 1237 vulgatum
1328 1156 1415 1238 erat,
1437 1173 1525 1218 nunc
1548 1153 1696 1219 codicum

4 1277 5 1282 ’
112 1263 303 1332 auctoritate
325 1259 470 1356 Socratis
491 1273 607 1322 nornen
627 1257 810 1321 restitutum
831 1257 935 1337 est2).
980 1257 1069 1333 Quae
1090 1275 1191 1336 quum
1211 1259 1258 1320 ita
1278 1258 1358 1333 sint,
1387 1257 1473 1322 undo
1495 1257 1624 1321 codices
1644 1257 1694 1320 illi
1749 1275 1754 1286 ·

112 1369 291 1447 tlunsrunt,
313 1359 517 1428 Democratis
538 1359 911 1430 sententiarumlibrum
933 1359 1128 1441 singularem
1148 1359 1359 1424 exhibentes?
1399 1358 1547 1424 Primum
1566 1357 1695 1439 quidem

76 1503 79 1508 ¹
112 1469 315 1552 reputemus,
337 1464 465 1530 codices
485 1463 560 1529 illes
580 1462 686 1544 ipsos,
717 1479 852 1542 quorum
872 1463 962 1544 origo
984 1478 1049 1525 nou
1077 1479 1117 1524 ex
1136 1463 1359 1550 vetustissimis
1388 1460 1585 1544 temporibus
1604 1475 1695 1542 repe-

112 1573 209 1636 tends
230 1571 373 1648 vinoun,
393 1567 428 1630 in
449 1566 521 1646 ipso
543 1564 686 1628 auctoris
706 1565 838 1628 nemine
858 1562 1063 1628 inscribendo
1085 1566 1292 1628 vehementer
1321 1565 1409 1628 inter
1435 1583 1471 1628 sc
1498 1563 1695 1644 discrepare,

67 1725 73 1736 .
110 1692 211 1756 quum
232 1671 290 1736 alii
311 1669 555 1744 Democratem,
577 1667 635 1732 alii
655 1667 876 1732 Democritum
896 1685 975 1750 prae
993 1684 1031 1730 se
1053 1667 1179 1748 ierant,
1207 1667 1301 1729 cuius
1323 1665 1372 1729 rei
1392 1668 1540 1749 exempla
1560 1665 1694 1749 praebet

111 1773 230 1839 Orellii
250 1772 352 1852 praei
373 1770 413 1836 ad
434 1770 490 1834 lib.
512 1769 565 1835 sit
587 1789 620 1851 p.
643 1769 791 1852 XXXVI,
812 1769 897 1834 unde
919 1770 1029 1835 eadem
1050 1769 1197 1833 conlusio
1228 1771 1261 1832 et
1281 1768 1315 1832 in
1336 1767 1459 1851 primas
1479 1771 1609 1834 transiit
1629 1767 1694 1832 edi·

111 1877 218 1940 tiones
237 1873 350 1953 (Orell.
371 1893 402 1955 p.
424 1873 555 1952 xxlv.)
577 1874 610 1935 et
631 1872 665 1936 in
687 1872 843 1936 seriorum
866 1873 1030 1937 homiuum
1046 1857 1233 1954 opinionem
1255 1869 1379 1936 crebris
1400 1871 1529 1936 taudem
1546 1871 1694 1936 codicum

66 1991 71 1998 ·
112 1975 381 2059 descriptiordbru
402 1977 523 2040 factum
544 1978 610 2056 est,
630 1976 668 2037 ut
688 1974 928 2039 Democriticaa
949 1975 1131 2039 sententiae
1144 1993 1210 2038 uno
1238 1991 1313 2038 cum
1344 1972 1566 2039 nemon-ateis
1586 1973 1694 2057 prodi·

110 2083 200 2172 rent,
223 2079 311 2161 quod
330 2069 559 2144 tamcn'senrel
581 2080 725 2157 tantum,
755 2076 842 2158 quod
862 2076 977 2160 sciam,
1013 2077 1132 2142 accidit
1152 2077 1188 2140 in
1212 2076 1331 2141 Codice
1351 2076 1520 2156 Palatino,
1547 2078 1695 2141 incertae

47 2261 50 2266 Ι
110 2182 241 2262 maus,
262 2200 328 2262 quo
349 2181 490 2245 0rcllins
511 2181 544 2243 in
566 2179 698 2245 edendis
719 2175 892 2262 opusculis
913 2198 990 2244 usus
1011 2183 1069 2244 est.
1114 2179 1236 2257 Quodsi
1266 2181 1331 2244 iam
1351 2179 1535 2260 paullulum
1556 2195 1695 2242 commo·

1 2345 2 2360 ,
110 2299 220 2349 remur
234 2284 269 2348 in
290 2283 467 2346 Democriti
490 2282 694 2366 fragmentis,
717 2301 801 2364 quac
822 2282 993 2347 maximnm
1014 2286 1140 2368 partem
1160 2282 1291 2347 stobaei
1304 2281 1468 2358 sedulitati
1480 2277 1693 2363 debentur³),

111 2402 287 2466 eorumque
307 2385 343 2448 in
365 2383 532 2448 antithetis
550 2385 819 2464 concinnitatem,
840 2381 1013 2451 verberum
1035 2387 1230 2470 elegantiam
1251 2388 1283 2450 et
1295 2384 1440 2466 copiam,
1455 2384 1693 2450 'sententiarum

110 2489 152 2552 de
173 2487 264 2552 felici
284 2486 371 2552 ritae
393 2485 576 2551 conditione
596 2487 763 2569 variisque
782 2489 923 2554 fortunis
951 2490 1019 2553 siro
1040 2489 1178 2555 vitandis
1200 2487 1268 2554 sira
1296 2486 1484 2571 exoptaudis
1503 2485 1570 2552 rim
1592 2485 1716 2567 quan:¹

111 2589 183 2654 dam
204 2577 368 2672 propriam
389 2590 590 2672 intueamur,
618 2593 766 2671 proiecto
787 2592 871 2658 haec
893 2593 1019 2670 omnia,
1053 2594 1088 2656 et
1114 2592 1180 2656 cim
1201 2594 1233 2656 et
1257 2593 1448 2674 elegantiam
1470 2593 1503 2654 et
1524 2590 1690 2656 concinni·

108 2695 207 2756 tatem
226 2691 260 2755 in
282 2691 503 2758 Democratcis
524 2687 643 2755 offendi
665 2711 729 2761 non
751 2693 928 2757 concedere
949 2712 1014 2759 non
1036 2714 1213 2777 possumus.
1255 2693 1326 2757 Non
1357 2694 1503 2776 fugiebat
1534 2692 1690 2758 Orellium

110 2794 194 2858 mira
213 2795 295 2858 haec
317 2795 484 2875 utriusque
506 2793 702 2876 similitudo,
733 2795 789 2858 sed
819 2797 930 2877 paullo
959 2796 1103 2861 timidior
1128 2814 1171 2861 nc
1197 2797 1422 2860 democratem
1441 2796 1535 2859 illurn
1555 2812 1689 2876 prorsus

109 2895 203 2978 quasi
226 2913 244 2957 c
265 2895 349 2958 rivis
370 2898 518 2972 tolleret,
550 2898 669 2960 sinen
696 2901 859 2962 auctorem
884 2900 1000 2964 harum
1028 2900 1276 2978 sententiarum,
1305 2900 1339 2963 at
1366 2899 1573 2964 collectorem
1601 2899 1690 2963 certe

110 3017 180 3064 esse
202 3015 286 3090 eum.
298 2997 500 3077 opinabatur.
545 2999 607 3062 Sed
629 3018 690 3063 nec
712 3002 826 3067 auctor
848 3001 907 3066 ille
928 3019 989 3066 nec
1012 3002 1189 3078 collector,
1218 3001 1317 3064 immo
1347 3005 1552 3066 Democrcta‘s
1573 3023 1689 3066 nomen

109 3102 320 3182 iampridem
344 3123 408 3182 pro
438 3088 625 3164 Democrito
652 3124 742 3168 mero
770 3107 892 3168 calami
917 3109 1012 3188 lapsu
1038 3111 1072 3169 io
1097 3106 1362 3186 philosophorum
1390 3109 1524 3169 nomina
1545 3110 1688 3186 irrepsit,

110 3208 243 3290 indeque
264 3203 311 3267 ad
328 3204 408 3265 haec
429 3224 527 3286 usquc
549 3205 697 3286 tempora
718 3215 878 3288 receptum
899 3212 1067 3296 remansit.
1109 3205 1202 3280 Quod
1228 3207 1281 3272 his
1301 3209 1471 3290 praetcrea
1491 3207 1687 3289 argumentis

110 3305 399 3392 demonstraturum
419 3323 472 3368 me
493 3325 597 3388 spero.
639 3307 745 3370 Multa
765 3293 850 3372 enim
870 3327 999 3390 eorum,
1020 3327 1103 3390 quac
1124 3307 1254 3374 codices
1275 3314 1312 3374 ut
1327 3310 1538 3376 Democrates
1549 3304 1687 3372 afferunt

110 3411 303 3494 menta,
329 3427 366 3474 re
393 3426 470 3475 vera
502 3409 566 3474 iam
594 3409 714 3474 dudum
742 3411 870 3475 auctori
899 3429 958 3475 suo
984 3411 1168 3476 Democrito
1189 3413 1352 3479 vindicata
1372 3412 1580 3476 inveniuntur
1600 3413 1685 3492 apud

107 3587 466 3606 munt

147 3705 172 3765 ι)
192 3701 253 3752 [lor.
272 3699 414 3764 x{11‚oo.
452 3683 634 3772 Ᾰημοκρότης
651 3700 715 3757 idaia
733 3705 850 3769 atinam
869 3699 925 3761 ὑπὸ
942 3705 994 3758 sus
1020 3702 1117 3758 induc
1134 3700 1326 3774 ἀπαγόμενοι,
1351 3701 1458 3760 lidiae,
1483 3695 1559 3761 slsis,
1587 3704 1616 3754 τί
1629 3701 1683 3773 ysip

193 3783 227 3840 roi
243 3785 328 3860 μικρὰ
351 3787 486 3853 ἔκλεπτες,
512 3785 573 3842 ἀλλ’
596 3786 630 3842 ori
652 3783 686 3842 cei
709 3789 830 3858 percita,
856 3791 904 3846 iao
929 3794 977 3844 aui
993 3785 1029 3844 eri
1046 3789 1150 3852 diteris
1171 3789 1292 3858 datrae,-
1312 3785 1399 3849 XXII,
1421 3791 1484 3840 ti..
1503 3785 1683 3860 Annoapdaoc

193 3871 351 3940 ἀναβαίνων
369 3877 409 3938 εἰς
424 3871 474 3942 τήν
494 3871 645 3947 ἀκρόπολιν
668 3875 697 3928 ia
719 3869 808 3954 prsp‘pp',
831 3875 1064 3938 misnicensis,
1090 3881 1179 3929 acuta
1203 3876 1257 3941 ipo
1279 3871 1347 3945 drap
1368 3878 1416 3929 sal
1440 3872 1573 3940 ξύμπασα
1595 3869 1681 3937 ἡτῶν

193 3955 347 4026 Ἀθηναίων
366 3958 459 4024 πόλις·
478 3969 556 4018 ωιτν
574 3967 623 4027 μὲν
641 3958 698 4034 γὰρ
714 3965 799 4044 aisa,
816 3959 920 4030 ἰσχύω
938 3961 969 4018 di
985 3959 1092 4034 asapia.

141 4079 173 4144 o)
192 4073 370 4139 rcus-so..

143 4183 172 4244 5)
191 4177 266 4232 unde
281 4181 403 4246 plurima
422 4187 510 4235 multa
529 4189 592 4236 cim
611 4185 760 4276 diligentia
779 4187 894 4254 collegit
904 4183 1030 4238 Orelliua
1048 4179 1150 4249 Opusc·
1170 4190 1224 4236 vet.
1244 4188 1361 4234 sentent.
1381 4181 1460 4233 Tem.
1479 4178 1501 4231 1.
1516 4189 1582 4246 p09‘2
1594 4184 1677 4238 ztir.

1168 4273 1218 4334 ,s
