3846 4794
261 435 352 500 cuius
372 432 472 496 verba
493 431 533 494 ad
554 449 682 496 sensum
702 428 986 511 interpretabimur
995 443 1015 496 ι·
1026 421 1184 511 Imagines
1207 447 1225 493 e
1244 429 1435 514 corporibus
1456 431 1654 512 quibuslibet
1674 429 1840 496 atllueutes

261 556 320 621 per
341 536 472 616 quaevis
491 535 652 598 foramina
672 535 784 598 oculos
803 535 972 615 totumque
993 530 1147 596 mandere
1173 550 1292 615 corpus
1320 535 1648 615 (ἐγκαταβυσσοῦσθαι
1669 535 1699 599 ts
1718 533 1757 593 τά
1781 533 1838 592 σοι’.

228 721 231 724 ,
260 657 362 719 ματα,
393 643 429 700 ut
455 637 658 700 Democritus
687 633 829 719 dicebat)
857 637 1008 715 interque
1035 635 1103 700 alia
1131 634 1227 700 ctiam
1255 638 1431 700 nocturnas
1464 621 1523 723 por
1552 653 1696 701 somnum
1718 638 1840 718 species

262 739 447 818 efficere1).
490 740 541 802 lix
561 736 708 802 omnibus
729 738 803 802 illaa
825 736 973 818 quidem,
993 735 1131 801 maxioic
1151 754 1228 800 vcro
1244 755 1285 800 ex
1304 739 1493 804 animalium
1505 738 1695 823 corporibus
1710 739 1841 802 clllrmrc

261 847 394 929 proptor
415 841 569 904 maiorem
592 841 625 903 ct
645 838 848 922 liberiorem,
870 838 928 918 qui
948 838 1001 901 his
1019 837 1116 920 insit,
1141 825 1263 902 motum
1285 835 1412 922 (σόλον)
1435 845 1469 905 et
1489 845 1842 924 calorem‚‘eorumqoa

259 967 325 1012 non
346 947 450 1011 solum
467 941 607 1006 ¹somnam
627 946 660 1008 ct
681 943 833 1028 figrrram,
860 958 974 1004 varum
996 939 1094 1004 etlam
1112 943 1254 1023 motum,
1284 943 1445 1008 sentiendi
1466 945 1641 1025 rohonem,
1669 944 1843 1026 ingenium,

260 1047 394 1115 affectus
415 1063 583 1110 assrrmere.
626 1047 677 1111 lta
698 1047 854 1114 humanos
875 1041 999 1106 animos
1020 1041 1147 1126 subire,
1175 1044 1204 1107 si
1231 1045 1360 1126 quidem
1378 1037 1507 1129 'planco
1527 1049 1560 1110 ct
1582 1063 1752 1132 exprcssao
1774 1065 1843 1111 cor·

235 1233 238 1239 ·
260 1165 375 1235 porum
401 1146 523 1232 effigies
546 1147 629 1225 sint;
658 1162 723 1224 quo
753 1145 857 1208 autem
877 1144 991 1226 purior
1011 1143 1055 1209 sit
1076 1148 1109 1210 ct
1130 1146 1251 1212 clarior
1281 1152 1353 1231 air,
1383 1167 1421 1211 co
1443 1150 1543 1232 magis
1564 1167 1633 1214 csso
1654 1149 1843 1231 perspicuas

210 1325 212 1332 ¹
261 1257 294 1317 et
314 1251 514 1333 manifestas,
535 1251 657 1330 quippe
677 1262 761 1325 quac
781 1263 895 1310 screno
916 1247 1008 1318 coelo
1040 1249 1180 1314 celerius
1208 1253 1241 1314 ct
1272 1249 1452 1333 expeditius
1486 1253 1693 1328 momontum
1732 1257 1842 1318 auctu·

259 1355 358 1422 mnali
377 1356 464 1421 cuim
486 1369 576 1430 aura,
597 1344 807 1431 inaequabili,
828 1347 1038 1456 asperioraet
1056 1351 1235 1434 higuera,
1256 1353 1392 1418 distrahi
1407 1357 1504 1435 atquc
1520 1353 1656 1420 obtundi
1669 1354 1841 1437 imaginem

260 1461 384 1526 scritum
405 1461 438 1520 at
459 1450 703 1518 commotionum
724 1451 830 1516 autern
851 1469 1023 1534 corporum
1042 1454 1282 1522 recentissimos
1310 1459 1343 1521 et
1371 1458 1629 1522 accuratissimos
1656 1457 1738 1520 oriri
1763 1457 1843 1522 ima·

259 1563 358 1647 ginon.
402 1557 567 1627 Hactenus
588 1553 791 1620 Plutarchus.
833 1552 1076 1634 συνοικίσειν
1104 1558 1183 1622 mali
1213 1577 1254 1622 ex
1280 1560 1344 1625 bac
1365 1561 1578 1625 animantium
1596 1559 1772 1642 imaginum
1795 1561 1843 1622 in-

259 1666 407 1730 cursione
429 1657 552 1723 homini
573 1645 720 1731 accitare
741 1657 858 1738 possit,
892 1656 990 1720 facile
1012 1660 1045 1722 et
1067 1659 1232 1744 colligitur
1262 1663 1295 1725 ct
1322 1663 1394 1745 ipso
1417 1662 1618 1727 Democritus
1644 1660 1844 1746 significasse

259 1767 404 1840 videtum
425 1760 509 1844 apud
531 1760 666 1826 cundem
687 1759 776 1822 enim
794 1758 1007 1824 Plutarchum
1019 1761 1055 1839 2)
1078 1763 1215 1846 legimus
1237 1795 1279 1813 -
1301 1761 1349 1824 ὅτι
1371 1767 1426 1826 και·
1445 1761 1570 1841 κόσμων
1591 1765 1679 1831 ἐκτός
1701 1767 1843 1844 φθαρέν-

258 1887 322 1930 των
348 1868 401 1926 κατ’
429 1859 579 1958 σωμότοιν
605 1855 791 1940 ἀλλοφύλων
823 1861 857 1922 tn
886 1861 941 1938 τῆς
966 1855 1134 1940 ἀπορροίας
1159 1861 1380 1950 ἐπιρρεόντων,
1406 1867 1548 1930 ἐνταῦθα
1574 1863 1722 1934 πολλάκις
1746 1861 1843 1942 α’ργαιΙ

260 1968 507 2056 παραμενόντων
527 1964 643 2044 coruos
664 1965 718 2025 cat
738 1963 856 2024 παθῑὸν
876 1959 914 2025 οὗ
935 1962 1094 2041 συνήθων.
1140 1969 1243 2034 Porro
1266 1973 1373 2035 autem
1394 1971 1456 2035 hac
1478 1973 1637 2035 sententia
1650 1971 1736 2032 mala
1749 1985 1844 2030 meos

261 2074 405 2137 nascitur
425 2070 517 2156 pravi
538 2072 572 2133 ct
592 2064 735 2149 improbi
759 2065 898 2130 alicuius
921 2069 1066 2152 corporis
1088 2069 1212 2151 effigie,
1241 2087 1324 2148 quae
1352 2089 1453 2149 quum
1479 2073 1566 2134 omni
1595 2067 1685 2129 illius
1714 2065 1845 2127 malitia

260 2177 394 2256 impleta
415 2175 475 2251 sit,
496 2168 750 2254 corruptiorihus
772 2170 961 2252 pracsertim
977 2171 1120 2235 moribus
1136 2170 1290 2236 facillimo
1302 2170 1477 2235 adhaereat
1492 2173 1658 2250 tobimque
1673 2171 1706 2231 et
1720 2184 1844 2247 corpus

260 2283 292 2342 et
315 2279 456 2343 animum
477 2273 646 2357 perturbet
667 2275 700 2338 ct
720 2272 885 2355 depravet.
929 2274 984 2339 Sic
1010 2272 1159 2354 equidem
1188 2273 1269 2338 baec
1296 2272 1466 2338 Plutarchi
1482 2269 1512 2353 3)
1543 2270 1642 2338 verba
1670 2269 1841 2351 intelligo:

260 2383 322 2443 solu
342 2381 376 2442 δὲ
398 2377 629 2455 Δημοκριτείοιν
654 2370 855 2436 εἰδώλων-
882 2369 1020 2452 ἀριθμός
1045 2369 1145 2440 obesis
1174 2371 1246 2437 οὐδὲ
1273 2371 1384 2458 λόγος,
1413 2372 1436 2437 oi
1463 2396 1559 2454 φησιν
1586 2378 1699 2438 intuor
1727 2369 1842 2437 ἐξιέναι

259 2488 335 2569 (lag.
357 2484 490 2559 ἐπιέναι)
511 2475 583 2545 τούς
604 2479 819 2561 φθονοῦντας,
840 2472 911 2540 σύτο
932 2474 1108 2554 αἰσθήσεως
1128 2475 1244 2556 ἄμοιρα
1264 2475 1443 2542 παντάπασι
1465 2476 1535 2542 σύτο
1556 2479 1668 2559 ὁρμῆς,
1696 2471 1841 2536 οἱνοὶπλοό

185 2622 189 2638 =
260 2608 292 2649 τε
322 2587 410 2668 (tort.
439 2577 742 2668 rogatiuncula)
771 2583 826 2658 τῆς
854 2577 917 2643 οέπό
942 2583 1008 2642 τοῖν
1040 2583 1247 2657 προσεμένων
1265 2583 1344 2665 (leg.
1370 2581 1554 2664 προιόντων)
1581 2581 1758 2656 μοχθηρίας
1786 2583 1842 2638 καὶ

260 2689 443 2774 βασκανίας,
464 2688 537 2760 μεθ’
559 2674 594 2762 ἧς
613 2680 849 2762 ἐμπλασσόμενα
870 2687 925 2748 κατ’
945 2686 1162 2762 παραμένοντα
1191 2687 1245 2744 κατ’
1271 2685 1487 2772 συνοικοῦντα
1504 2689 1567 2776 acis
1589 2685 1841 2764 βασκαινομένοις

261 2785 475 2869 ἐπιταράττειν
496 2791 550 2860 κατ’
570 2786 687 2850 κακούν
707 2784 813 2851 αύτοόν
831 2784 868 2850 τό
888 2807 923 2850 το
944 2789 1033 2864 σῶμα
1054 2789 1108 2848 καί
1127 2786 1187 2864 τήν
1205 2784 1364 2864 διάνοιαν.
1425 2779 1433 2796 ’

347 2896 427 2959 Cum
448 2894 500 2958 his
522 2894 628 2957 autem
647 2891 842 2976 imaginibus
863 2873 942 2957 coac
968 2909 1008 2956 ne
1036 2890 1132 2972 (cum
1153 2892 1331 2976 Augustino
1352 2891 1413 2972 Ep.
1435 2887 1502 2972 56.)
1531 2890 1722 2971 conhmdas,
1756 2907 1841 2968 quae

261 3002 374 3060 οῖοοολα
395 2995 545 3056 κακοποιοὶ
570 3016 590 3059 a
611 2994 794 3062 Democrito
814 2993 1037 3070 nominantur,
1059 3011 1213 3076 quorum,
1241 2995 1269 3058 si
1291 2995 1376 3060 hanc
1390 2991 1616 3059 difficillimam
1635 2971 1840 3057 totiuslruius

261 3176 598 3198 m

301 3309 328 3372 ι)
346 3304 425 3364 Idam
443 3303 527 3357 habes
547 3307 576 3356 io
595 3303 670 3356 Plac.
691 3301 759 3372 phil.
780 3307 810 3356 in
823 3303 969 3358 Plutarchi
987 3305 1055 3374 Opp.
1065 3307 1100 3372 V,
1117 3317 1153 3360 να
1193 3305 1363 3377 Δημόκριτος
1381 3305 1467 3374 λέγοι,
1486 3303 1551 3366 τούς
1567 3303 1691 3375 ὀνείρους
1708 3304 1842 3370 γίνεσθαι

350 3389 418 3447 κατοῖ
436 3388 485 3453 τοὶς
501 3391 553 3444 τύν
572 3383 695 3445 οῖδοόλσιν
709 3388 874 3463 προπόσεις
881 3413 892 3462 ,·
909 3398 936 3444 st
952 3391 1082 3458 pluribus
1095 3392 1190 3448 verbis
1207 3391 1409 3458 apudAristot.
1421 3389 1455 3442 dc
1467 3388 1586 3443 divinat.
1603 3403 1652 3454 per
1670 3377 1840 3445 somnun123

351 3478 415 3539 ubi,
438 3481 583 3544 postquam
598 3475 690 3538 dixit,
717 3479 810 3527 strom
827 3479 875 3532 rel
893 3493 1006 3546 aquam,
1030 3478 1119 3530 semel
1138 3483 1257 3540 motam,
1279 3475 1459 3545 paratiquod
1477 3481 1586 3541 tempus
1605 3473 1764 3524 etiamtum
1783 3488 1842 3522 mo-

320 3573 322 3578 “
349 3565 426 3625 veri,
446 3564 487 3626 si,
506 3563 554 3632 qui
572 3563 706 3625 moverit,
724 3578 780 3640 non
798 3562 887 3628 adsit,
905 3565 948 3616 sic
966 3565 1074 3632 pergite
1098 3563 1184 3626 οὕτως
1201 3561 1280 3619 οὐδὲν
1298 3562 1410 3624 κωλύει,
1435 3565 1543 3628 κίνησίν
1561 3579 1623 3614 τινα
1633 3565 1686 3614 ’καὶ
1703 3559 1840 3622 αἴσθησιν

350 3648 533 3717 ἀφικνεῖσθαι
550 3637 621 3722 πρός
637 3645 686 3710 τοὶς
702 3645 795 3718 φακός
812 3645 1044 3714 ἐνυπνιαζούσας,
1068 3647 1116 3718 ἀφ’
1142 3639 1179 3705 ὧν
1199 3651 1302 3714 ἐκεῖνος
1319 3644 1518 3721 (Δημόκριτος)
1535 3644 1568 3701 τύ
1587 3645 1688 3700 εἴδωλα
1706 3649 1781 3698 ποιεῖ
1794 3651 1843 3697 καὶ

349 3729 397 3797 τὰς
416 3731 571 3808 ἀπορροάς
590 3737 637 3787 καλ
655 3729 709 3800 ὅπη
728 3731 763 3800 δὴ
787 3735 878 3802 ἔτυχεν
905 3735 1121 3805 ἀφικνουμένας,
1148 3735 1254 3803 μᾶλλον
1273 3733 1415 3802 αἰσθητὰς
1432 3728 1504 3790 εἶναι
1522 3730 1638 3805 νύκτωρ,
1662 3727 1707 3783 διό
1725 3729 1755 3784 τό
1772 3735 1839 3796 μεθ’

351 3819 454 3892 ἡμέραν
479 3820 631 3892 φερομένας
654 3819 836 3877 διαλύεσθαι·
863 3820 1117 3896 ότοροχωδόοτερος
1138 3819 1194 3894 γὰρ
1219 3819 1235 3876 ό
1257 3819 1313 3894 οἷῆρ
1334 3824 1384 3888 τῆς
1408 3817 1519 3882 νυκτός,
1547 3815 1591 3874 διύ
1609 3813 1639 3871 τό
1658 3819 1841 3888 νηνεμωτέρας

351 3899 423 3960 εἶναι
440 3899 487 3968 scic
505 3903 617 3969 νύκτας·
641 3907 733 3962 καλόν
751 3907 790 3978 τρῖ
807 3899 911 3976 σύμιοιι
929 3915 1016 3962 ποιεῖν
1036 3909 1173 3974 αἴσθησιν
1193 3906 1240 3962 διὰ
1255 3905 1302 3963 τόν
1322 3907 1425 3962 ὕπνον·
1452 3903 1495 3960 διό
1514 3911 1560 3960 καλ
1577 3906 1628 3957 sois
1645 3905 1748 3974 μικρόν
1766 3901 1839 3966 κινή-

351 4011 419 4047 σεων
438 3993 490 4044 τοῖν
508 3988 584 4054 ἐντός
601 3990 797 4050 αἰσθάνεσθαι
813 3991 1004 4056 καθεύδοντας
1020 3995 1126 4059 μᾶλλον
1145 3991 1163 4058 ἢ
1182 3992 1378 4066 ἐγρηγορότας.
1397 4015 1422 4047 κ.
1441 4012 1465 4045 τ.
1485 3996 1509 4044 λ.
1532 4017 1536 4026 ’

299 4080 331 4144 2)
345 4077 458 4141 Quaest.
478 4093 569 4143 symp.
588 4075 666 4144 v111,
686 4083 711 4131 8.

299 4165 330 4227 ὅ)
349 4163 387 4216 ib.
406 4163 441 4223 V,
461 4177 486 4214 τ’.
504 4169 574 4214 extr.
