3846 4794
914 323 965 338 ..
1016 293 1067 368 33
1124 323 1168 338 ..

252 459 337 518 tasso
357 414 734 518 Democriti'seutentiae
754 449 919 518 involutae
949 457 1058 532 mant,
1095 451 1181 534 qnod
1210 469 1249 516 co
1282 453 1416 534 propius
1456 428 1497 516 ad
1520 415 1834 518 verisimilitudinem

250 555 408 626 accedero
428 554 572 638 videtur,
600 554 687 638 quod
716 555 752 618 in
772 555 869 622 unius
889 555 985 620 huius
1007 555 1130 620 codicis
1150 549 1332 638 fragmento
1353 554 1464 620 decem
1495 555 1536 620 ad
1565 555 1734 620 minimum
1761 575 1833 620 sen·

251 659 373 723 centua
393 658 594 724 Democrotis
615 660 648 722 b.
672 676 701 722 e.
724 658 902 722 Democriti
924 658 1004 721 mibi
1031 662 1258 738 occurrerunt,
1292 676 1371 738 quas
1392 658 1481 721 inire
1500 675 1699 739 proponom3
1728 659 1776 722 ita
1795 663 1836 724 ut

252 764 319 826 tere
341 761 501 842 adducor,
529 763 566 823 ut
592 777 632 824 ex
652 761 715 824 boc
735 761 937 843 potissimum
966 760 1097 841 codice,
1123 777 1220 842 quem
1239 757 1335 822 nobis
1357 761 1475 824 vellem
1495 761 1658 845 integrum
1680 761 1835 826 relictum

250 882 336 948 esse,
357 864 556 928 recentiores
573 862 859 927 Democrotcorum
880 863 1135 946 fragmentorum
1155 861 1283 926 codices
1305 859 1482 945 descriptos
1495 883 1568 927 esse
1587 861 1707 946 putem.
1749 864 1836 928 'lum

249 985 326 1031 vero
347 984 389 1028 ne
409 963 519 1028 omnia
539 964 685 1046 quidem,
716 984 799 1047 quoe
829 963 920 1028 nobis
947 963 1077 1046 proditu
1098 966 1190 1045 sunt,
1219 965 1358 1046 genuine
1378 963 1557 1030 Democriti
1578 967 1756 1050 tragmontc
1777 965 1835 1030 bu·

249 1069 356 1132 bondo
376 1070 467 1144 sunt3
497 1068 598 1131 immo
619 1069 755 1130 aliorum
780 1066 876 1130 etiam
902 1066 1030 1129 nomino
1056 1066 1192 1131 vetustis
1212 1065 1475 1150 corruptionibus
1496 1067 1531 1130 iu
1552 1067 1754 1132 Democritio
1775 1085 1834 1132 no·

247 1173 458 1242 minationem
479 1171 595 1234 abiisse
616 1169 784 1246 videntum
811 1167 1026 1248 descriptores
1048 1171 1135 1234 enim
1155 1169 1208 1234 illi
1230 1187 1341 1252 quom
1348 1153 1549 1252 negligenter
1570 1174 1603 1234 et
1623 1171 1776 1252 imperite
1796 1171 1832 1234 in
1918 1199 1919 1214 ι

248 1273 475 1356 conquirendis
496 1269 761 1390 collectioni-bus·
767 1269 847 1334 suis
861 1269 1001 1404 egerint,
1030 1289 1070 1336 cx
1097 1271 1262 1398 aliquibus
1290 1274 1407 1335 borum
1436 1274 1689 1357 trogmentorum
1712 1273 1830 1338 intelli·

248 1473 654 1559 (l.c....'l'omlp8t.:)

147 1697 153 1706 .
334 1608 509 1689 Μακάρων,
530 1607 563 1677 ὃν
583 1605 692 1672 οὐσίαν
712 1611 768 1670 eci
788 1609 864 1672 νσῦν
884 1613 961 1683 ἔχει·
991 1563 1104 1689 νοῆται
1125 1612 1187 1688 γὰρ
1209 1613 1251 1679 sc’c
1272 1609 1294 1672 οἳ
1317 1607 1377 1674 det
1385 1615 1501 1680 saido:
1543 1615 1630 1696 quod
1653 1621 1741 1682 recte
1763 1617 1827 1679 boc
1919 1631 1920 1674 ι

249 1718 344 1784 modo
366 1714 542 1780 Menandro
564 1711 680 1778 tribuit
702 1711 859 1778 Stobseus
878 1714 989 1792 xciv,
1010 1720 1048 1782 7:

411 1849 572 1930 ’Μακσριος
592 1849 673 1916 ὅστις
695 1845 806 1912 συσίοιν
827 1851 882 1910 sce
902 1850 978 1910 νοῦν
998 1853 1074 1923 ἔχει·

409 1957 522 2032 χρῆται
541 1949 602 2030 γάρ
624 1940 720 2032 οὗτος,
743 1952 786 2019 ec'c
807 1949 829 2013 δι’
850 1955 907 2031 dci,
929 1947 1027 2032 ταύτῃ
1049 1949 1157 2018 καλῶς·

246 2095 359 2174 boum·
381 2097 434 2159 84
479 2085 782 2170 Ὁκόσμοοοιηνή,
804 2087 821 2149 ὁ
843 2084 1078 2172 βίοιπσὶρσοοσ·
1102 2068 1242 2166 ἦλθες,
1265 2077 1355 2169 tbsc,
1379 2087 1582 2164 enecare:
1605 2089 1690 2167 quod
1713 2102 1832 2167 quam-

244 2183 295 2260 vis
316 2194 425 2277 lepide
446 2193 581 2271 dixerit,
612 2194 758 2275 quisquis
778 2193 880 2276 dixit,
912 2195 1021 2258 mmen
1042 2213 1063 2257 o
1082 2191 1164 2256 lulli
1190 2191 1336 2278 (laeseris
1356 2189 1464 2255 verbis
1483 2189 1553 2254 illis
1573 2195 1736 2253 mutuatus
1758 2196 1829 2256 cst:
1920 2225 1921 2284 j

250 2302 348 2374 Veni,
378 2299 464 2372 cidi,
495 2303 568 2362 vici.
612 2297 734 2362 Dodem
760 2295 865 2370 modo.
886 2295 1132 2377 suppositicium
1159 2293 1311 2376 quiddam
1331 2291 1457 2358 redolet
1483 2292 1573 2358 aliud
1599 2293 1828 2376 fragmentum,

231 2400 330 2482 ⁴quod
351 2417 426 2466 cum
447 2399 521 2463 aliis
542 2417 607 2462 non
627 2401 739 2482 paucis
760 2398 850 2463 deest
871 2399 955 2482 apud
977 2396 1151 2476 Duellium,
1172 2397 1207 2462 in
1229 2397 1305 2463 (iod
1327 2399 1416 2464 Flor.
1438 2399 1553 2464 loann.
1569 2395 1715 2462 Damaso.
1738 2399 1826 2480 opud

246 2503 345 2567 Gcisf.
367 2499 457 2568 Stob.
478 2501 567 2566 Tom.
590 2501 641 2564 IV.
664 2523 696 2584 p.
718 2507 796 2572 40οε

328 2633 412 2699 Ἐστι
440 2655 500 2698 που
526 2641 597 2699 νέου
626 2635 742 2705 ξύνεσις
768 2641 822 2700 νισι·
848 2633 1003 2713 γερόντων
1031 2629 1199 2711 ἀξυνισὶη·
1234 2625 1345 2710 χρόνον
1372 2633 1433 2710 γὰρ
1454 2632 1491 2694 οὐ
1516 2633 1656 2697 ῦιᾶοὶσκοι
1678 2643 1804 2714 φρονεῖν
1811 2683 1822 2716 ,
1921 2709 1922 2728 3

246 2740 312 2802 ἀλλ’
334 2741 434 2818 opaca
455 2739 558 2819 ,τροφή
579 2744 633 2802 καὶ
653 2737 759 2819 φύσις,
796 2741 881 2822 quod
903 2741 967 2804 iam
988 2739 1177 2814 subversor,
1206 2755 1248 2800 ne
1269 2733 1476 2806 libiariorum
1497 2739 1636 2822 aliquis,
1667 2741 1826 2804 lemmatis
1921 2729 1922 2752 ³

246 2862 362 2908 nomen
384 2848 539 2925 corrupte
560 2848 687 2929 legens,
715 2863 755 2909 ox
780 2843 833 2908 bis
861 2843 989 2906 demum
1011 2843 1127 2908 Δίωνος
1147 2841 1203 2901 τοῦ
1224 2839 1379 2916 Ῥωμαίου
1401 2839 1524 2924 verbis,
1552 2859 1634 2924 quoe
1656 2845 1691 2907 in
1714 2843 1828 2909 eodem

171 2945 180 2954 ‘
221 2947 411 3064 -codicep
433 2951 506 3014 070
529 2951 697 3032 leguntur,
726 2947 763 3010 in
779 2946 921 3010 ionicam
949 2944 1123 3033 dialectum
1150 2943 1361 3007 converterit.
1402 2940 1487 3005 Ecce
1514 2965 1573 3006 σου
1606 2941 1725 3012 σύνεσις
1746 2950 1828 3007 νέων

244 3050 299 3110 noi
320 3045 472 3123 νιρὸντσον
492 3043 654 3112 ἀσυνεσίσι·
679 3045 923 3128 χρυσόπσμοιῐ)
955 3043 1015 3123 γοὲρ
1038 3067 1074 3109 ου
1096 3042 1235 3109 troanno
1258 3043 1424 3125 φρόνησιν,
1454 3043 1534 3109 ἄλλοι
1554 3043 1646 3125 φύσιν
1666 3069 1719 3110 ιιαι
1740 3043 1829 3126 ὀρθοὶ

245 3154 358 3242 occisor.
1051 3195 1055 3202 .

331 3251 453 3316 Eodem
474 3255 603 3318 tandem
621 3253 746 3317 ratione
767 3269 807 3317 ex
828 3253 891 3315 boc
913 3268 1046 3314 numero
1067 3270 1215 3337 expungo
1236 3249 1348 3335 fragm
1374 3256 1423 3315 11.
1447 3250 1563 3332 (Drell.
1587 3273 1618 3334 p
1641 3259 1710 3332 80.)

328 3357 358 3414 ‘0
388 3352 505 3416 ἀδικῶν
535 3357 591 3416 τοῦ
619 3351 822 3429 ἀδικουμένου
853 3355 1180 3434 κακοᾱσιιμονέστερσς,
1214 3353 1300 3434 quod
1335 3365 1376 3414 no
1412 3351 1557 3420 Ionicum
1590 3345 1719 3434 quidem
1758 3363 1828 3434 est3

329 3463 362 3522 et
382 3462 434 3527 85.
477 3459 507 3518 ‘0
529 3457 639 3534 κόσμος
660 3454 834 3534 ἀλλοίωσις,
857 3456 874 3515 ὁ
895 3457 959 3538 βίος
978 3453 1147 3539 ὑπόληψις,
1178 3456 1264 3537 apud
1293 3454 1394 3520 Marc.
1418 3455 1570 3520 Antonin.
1591 3459 1645 3540 lv,
1668 3463 1697 3523 3.
1740 3478 1829 3545 quae

246 3561 323 3626 mibi
345 3561 473 3643 quidem
495 3563 663 3627 morositas
679 3577 842 3642 nunquam
855 3559 1034 3625 Democriti
1046 3561 1148 3626 tuisse
1166 3557 1304 3624 videtur.
1326 3557 1552 3640 thracterec
1579 3560 1677 3625 Drell.
1700 3581 1731 3642 p.
1746 3567 1826 3628 504.

331 3697 467 3780 Reliqua
487 3696 686 3764 Democrotis
699 3715 794 3778 quem
807 3697 979 3762 voluerunt
1000 3696 1127 3762 librarii
1140 3695 1321 3778 fragments
1332 3696 1413 3760 baec
1430 3699 1521 3776 sunt,
1543 3714 1626 3777 quae
1637 3699 1702 3762 utri
1716 3699 1829 3780 potius

245 3799 415 3868 tribuenda
426 3820 495 3865 esse
508 3800 692 3880 videantur,
715 3802 778 3866 iam
792 3800 834 3864 sit
844 3801 1005 3908 lectorum
1019 3799 1194 3876 iudicium,
1216 3799 1353 3908 primum
1368 3798 1497 3878 quidem
1511 3817 1529 3862 e
1541 3799 1634 3864 codd.
1648 3817 1721 3864 mss.
1738 3805 1826 3884 opud

246 3905 471 3985 Drelliumsp.
495 3909 546 3969 80.
571 3905 673 3984 sqq.):
736 3907 740 3914 '

282 4163 313 4222 ι)
330 4157 402 4228 Lege
418 4147 535 4232 χρόνος,Ι
553 4161 584 4208 ut
601 4161 676 4206 recte
694 4158 771 4210 iubet
789 4157 880 4216 Gnisl.
895 4157 1052 4214 secondum
1070 4157 1187 4214 Antonii
1206 4155 1304 4218 cuv,
1323 4157 1430 4256 pom,
1449 4160 1491 4212 ὅθ.

1916 847 1918 900 t
