3846 4794
913 253 961 268 ..
1013 221 1040 297 q
1092 255 1143 270 ..

237 389 352 474 illum,
377 387 552 480 imprimis
576 383 817 456 recentiorum
829 383 1049 492 quorundam
1062 383 1261 476 proprium,
1286 335 1529 477 praepropere
1544 392 1582 456 et
1602 392 1819 482 arroganter,

238 533 378 596 nostrae
403 522 525 599 aetatis
550 522 687 622 ratione
713 528 749 592 et
772 522 876 616 lege,
902 519 949 592 de
975 512 1148 616 dignitate
1173 523 1233 592 vel
1254 521 1464 615 indignitate
1478 520 1704 615 antiquorum
1728 524 1819 595 viro·

120 697 126 707 ν
237 683 317 734 rum
343 682 537 752 eorumque
562 657 802 730 doctrinarum
827 656 1023 730 iudicandi.
1076 659 1153 730 lum
1176 679 1263 728 vero
1290 658 1396 726 etiam
1420 658 1638 730 atomisticae
1661 660 1819 752 philoso-

237 799 344 890 phiae
378 819 482 867 suum
514 794 633 865 locum
666 815 819 887 eumque
850 793 1084 884 praecipuum
1117 789 1296 885 quendum
1328 799 1365 862 et
1396 795 1637 898 necessarium
1665 779 1749 867 'esse
1779 798 1821 889 iu

165 909 172 918 ³
239 931 483 1004 constituenda
509 937 544 1002 et
569 927 831 1006 conformanda
845 950 913 1019 per
937 936 1139 1032 temporum
1163 927 1354 999 decursum
1380 930 1503 1018 specie
1525 938 1562 1001 et
1576 932 1722 1003 notione
1741 933 1821 1025 phi-

139 1047 144 1064 ⁸
237 1060 450 1162 losophica,'
467 1069 506 1138 in
530 1065 630 1138 aliud
655 1065 802 1157 quidem
826 1069 966 1154 tempus
989 1063 1116 1156 distufi¹
1128 1063 1346 1151 examinare,
1373 1065 1572 1136 hortamen
1587 1067 1669 1138 loeo
1679 1091 1822 1156 moneo,

238 1205 430 1297 disciplina
453 1204 518 1274 illa
543 1200 767 1296 gravissimas
794 1200 908 1270 omnis
933 1198 1065 1270 veteris
1091 1199 1346 1292 philosophiae
1372 1202 1597 1294 quaestiones
1624 1202 1670 1276 de
1697 1227 1822 1298 corpo-

95 1325 103 1332 *
239 1364 319 1412 rum
354 1348 495 1442 nonna,
536 1336 582 1432 de
616 1357 784 1408 sensuum
816 1337 954 1424 causis,
994 1336 1041 1408 de
1080 1337 1264 1408 notionum
1303 1337 1460 1432 origine,
1509 1337 1822 1412 subtilissimarum

196 1557 202 1568 ,
240 1475 516 1568 disputetioumn
541 1479 762 1566 argumenta,
797 1473 926 1544 sinon
952 1472 1162 1543 felicissirne
1188 1479 1334 1559 tentata,
1368 1480 1404 1543 at
1427 1473 1602 1565 primum,
1636 1477 1716 1569 ipso
1742 1478 1821 1548 nri-

204 1629 207 1638 *
240 1603 414 1702 stotele¹)
440 1606 580 1695 iudice,
606 1609 644 1678 in
669 1608 790 1680 medio
815 1608 932 1699 posito
956 1628 1047 1680 esse.
1098 1607 1181 1680 Huc
1206 1607 1300 1680 adde
1325 1608 1412 1695 viri,
1439 1585 1546 1702 quern
1572 1612 1640 1684 hac
1663 1613 1823 1706 philoso÷

236 1745 373 1840 phandi
397 1743 533 1816 ratione
559 1752 596 1816 et
629 1744 820 1837 disciplina
853 1743 1004 1834 colendo
1029 1745 1196 1838 omnique
1223 1745 1436 1840 cogitatione
1461 1749 1706 1837 pertractanda
1730 1749 1822 1822 Leu-

196 1933 203 1946 ,
238 1885 385 1975 cippum
406 1847 586 1954 auctorem
610 1881 718 1974 longe
749 1887 832 1972 post
866 1903 905 1952 se
938 1881 1129 1975 reliquisse
1163 1881 1314 1968 scimus,
1345 1882 1560 1969 Democriti,
1587 1907 1759 1956 summum
1784 1893 1823 1956 et

237 2019 315 2091 lere
341 2019 559 2114 singularem
584 2015 759 2108 quandam
783 2015 893 2108 apud¹
913 2018 1074 2112 antiquos
1106 2018 1221 2088 famae
1241 2015 1510 2124 celebritatem,
1538 2038 1677 2085 morum
1702 2015 1823 2107 probi·

239 2159 347 2228 tatem
371 2155 636 2245 bonitatemque
661 2159 824 2239 nchune,
850 2176 956 2247 quam
980 2153 1205 2246 nuperrime,
1242 2150 1523 2245 repugnantibus
1549 2150 1708 2244 quamvis
1741 2173 1820 2244 per-

240 2292 375 2411 opionis
402 2299 439 2363 et
464 2289 672 2362 certissimis
687 2297 848 2361 veterum
861 2289 1089 2377 testimoniis,
1114 2289 1153 2359 in
1169 2245 1411 2381 suspicionem
1427 2297 1585 2362 vocatam
1598 2287 1761 2360 dolemus
1772 2281 1820 2381 ²)

100 2533 102 2538 Ι
241 2427 350 2498 anirni
375 2427 592 2497 alacritatem
616 2433 722 2518 atque
747 2427 926 2522 vigorem,
958 2425 1205 2501 admitahilem
1237 2407 1435 2497 studiorum
1465 2425 1726 2512 assiduitatem,
1764 2448 1823 2504 co·

162 2545 168 2566 ¹
240 2570 340 2634 natus
366 2562 524 2633 omnium
547 2561 744 2633 litterarum
768 2564 1068 2657 humanarumque
1101 2562 1342 2657 cognitionum
1374 2560 1471 2633 hand
1501 2561 1714 2649 mediocres,
1747 2585 1823 2634 ora-

241 2700 376 2771 tionem
400 2698 557 2792 denique
583 2706 688 2793 etque
714 2699 861 2772 dicendi
879 2701 1045 2793 copiam,
1078 2723 1183 2793 quom
1216 2700 1365 2772 oratoris
1389 2699 1517 2802 ⁸potius
1548 2718 1655 2792 quam
1678 2699 1823 2792 physici

242 2819 452 2930 putandam,
475 2849 554 2908 non¹
570 2858 651 2909 raro
676 2859 802 2929 paruum
827 2838 952 2925 etiam,
978 2836 1076 2931 quod
1098 2819 1283 2944 incitatius
1303 2837 1438 2908 feramr
1462 2843 1499 2907 et
1513 2817 1720 2927 clarissimis
1745 2858 1824 2907 ver·

242 2973 370 3045 borum
394 2973 588 3044 luminibus
613 2980 745 3061 utatur,
778 2995 929 3045 eversu
959 2974 1086 3047 abesse
1118 2975 1267 3073 Cicero,
1300 2971 1495 3064 Dionysius
1520 2979 1639 3044 autem
1662 2973 1825 3049 Halicar-

244 3109 422 3180 nassensis
454 3111 514 3180 vel
547 3131 628 3180 cum
663 3110 823 3180 Platonis
848 3112 1028 3184 locutione
1061 3111 1259 3203 comparari
1282 3132 1400 3206 posse¹
1422 3102 1653 3201 censebam),
1684 3115 1824 3181 utnon

244 3247 378 3330 solum,
404 3244 467 3337 qui
490 3245 743 3338 philosophice
768 3247 970 3335 historiam,
1003 3247 1069 3320 sed
1100 3249 1208 3319 etiarn
1239 3247 1303 3339 qni
1329 3246 1488 3317 Graecae
1513 3245 1657 3337 linguae
1682 3245 1825 3337 copiam

244 3371 475 3474 indolemque
508 3383 692 3474 propriam
726 3391 902 3475 spectant,
936 3359 1087 3458 multum
1118 3406 1141 3455 e
1174 3381 1431 3478 cognoscendis
1472 3389 1510 3454 et
1542 3377 1731 3454 tractandis
1764 3383 1823 3454 his

244 3511 449 3614 fragmentis
475 3519 723 3611 etfroluptotis
749 3527 786 3592 et
809 3524 970 3596 utilitatis
994 3521 1184 3648 percipere
1208 3520 1355 3611 possint.
1471 3595 1473 3600 .
1497 3617 1502 3624 ¹

284 3751 453 3822 rc.)anh
472 3751 548 3817 Xlll,
567 3758 593 3807 tr.
709 3786 714 3821 ι,

285 3857 316 3928 2)
335 3855 368 3907 ah
387 3853 425 3907 Η.
443 3855 563 3918 distem
589 3813 759 3913 Gesohiohta
783 3858 833 3911 dor
857 3856 1004 3914 ionischen
1026 3857 1205 3927 Philosophio
1228 3825 1255 3927 p.
1273 3814 1337 3926 δῦθι
1395 3853 1497 3910 Gesch.
1516 3853 1568 3906 der
1584 3851 1778 3926 Philosophie,
1798 3857 1822 3914 1.

336 3957 364 4010 p.
382 3941 442 3997 56t.
461 3945 522 3995 581.
541 3945 603 3998 585.
1064 3969 1072 3978 ·

286 4044 315 4111 5)
333 4043 368 4096 de
387 4044 572 4128 comp-verb.
591 4063 618 4112 p.
638 4050 698 4104 570.
716 4043 833 4112 Schest‘3
863 4047 898 4100 de
921 4045 1056 4102 Cicerone
1078 4049 1114 4101 cl.
1141 4045 1209 4102 ibid·
1235 4049 1325 4114 intpp.
1358 4043 1413 4098 Sed
1437 4059 1472 4096 nc
1497 4041 1564 4096 haee
1585 4044 1700 4114 quidem
1718 4041 1825 4100 Bicera

337 4129 450 4198 probate
470 4135 552 4205 Nonus,
569 4131 754 4199 sophisticum
771 4133 905 4204 quiddam
924 4135 1154 4186 crustuminum
1173 4132 1321 4190 verborum
1338 4131 1464 4185 redolere
1482 4131 1642 4184 affirmanti.
