3846 4794
589 1074 1198 1178 Prooemium

227 2149 411 2288 Miretur
436 2219 584 2289 fortasse
611 2219 753 2311 aliquis,
780 2241 801 2287 e
827 2218 1124 2311 philosophorum
1148 2225 1309 2306 veterum
1329 2213 1499 2288 doctrinis
1525 2237 1603 2287 eam
1616 2239 1675 2286 me

98 2352 338 2442 potissimum,
365 2355 402 2420 in
429 2375 534 2444 quam
554 2341 685 2444 operae
700 2351 865 2425 nonnihil
880 2351 1142 2446 impenderem,
1168 2325 1313 2444 ὀῖςιιιιιιι
1329 2349 1567 2435 existimasse,
1593 2373 1674 2443 qna,

98 2511 206 2577 quum
231 2510 277 2556 ne
304 2487 449 2559 oritioae
475 2485 621 2580 quidem
646 2489 731 2558 artis
756 2491 840 2561 luoe
864 2496 1046 2582 tantopere
1061 2479 1238 2582 indigeat,
1263 2485 1324 2554 vix
1338 2505 1468 2577 operae
1483 2485 1675 2580 quidquam

96 2625 202 2712 pretii
228 2625 383 2694 facturus
411 2646 490 2695 esse
516 2597 657 2711 videar,
685 2647 793 2719 quum
819 2629 909 2698 haee
932 2635 1117 2719 praeterea
1141 2623 1370 2717 philosophia
1395 2623 1575 2693 nonnullis
1595 2624 1674 2692 suls

94 2757 281 2829 absurdior
306 2769 342 2830 et
367 2763 537 2832 insulsior
563 2769 601 2832 et
622 2771 799 2854 tamquam
825 2762 1000 2836 aberratio
1029 2761 1148 2854 potius
1182 2759 1309 2831 montis
1343 2757 1534 2842 hnmanae,
1567 2781 1672 2850 quam

94 2894 344 2984 philosophiae
377 2894 423 2966 de
454 2919 575 2969 rernm
597 2906 730 2994 natira
754 2899 958 2993 progressio
993 2906 1030 2969 et
1053 2899 1310 2970 inerementum
1335 2893 1567 2965 arsistimanda
1592 2917 1672 2965 esse

93 3028 264 3103 videatur.
318 3029 416 3113 Quae
443 3035 582 3103 etiamsi
608 3056 653 3104 ex
677 3034 796 3126 aliqua
820 3042 921 3126 parte
953 3036 1003 3105 ita
1035 3035 1122 3119 sint,
1155 3051 1298 3124 semper
1328 3041 1445 3102 tamen
1477 3031 1552 3101 levi
1583 3032 1672 3100 milri

93 3165 240 3238 braohio
266 3123 305 3236 in
316 3166 444 3264 litteris
465 3191 573 3262 agere
587 3171 656 3240 risi
674 3178 772 3256 sunt,
798 3170 861 3262 qui
880 3169 1129 3262 praestantiam
1144 3161 1191 3240 'et
1210 3168 1376 3238 virmtem
1401 3166 1674 3258 disciplinarum

95 3309 253 3373 veterum
285 3302 614 3394 philosophicarum
647 3307 722 3377 sola
755 3313 954 3376 nostrornm
987 3315 1188 3397 tempor-nm
1221 3304 1424 3398 cognitione
1451 3312 1487 3372 et
1512 3303 1671 3374 doctrina

92 3440 212 3508 metiri
237 3447 512 3525 consueverunt,
545 3442 637 3512 nihil
665 3463 838 3534 quaerere
865 3425 1044 3526 ouranios,
1077 3463 1185 3532 quem
1209 3442 1329 3512 locum
1353 3443 1392 3510 in
1416 3447 1486 3509 tota
1512 3445 1670 3506 vetemur

91 3575 398 3667 philosophiarum
413 3569 507 3647 serie
521 3599 684 3669 quaeque
699 3577 864 3664 obtineat,
890 3598 1043 3670 eumque
1063 3577 1242 3671 quomodo
1257 3577 1409 3670 expleat,
1435 3593 1526 3665 qnae
1539 3575 1673 3644 fuerim
1722 3631 1729 3638 .

93 3733 236 3797 causae,
263 3734 354 3805 qnae
380 3735 515 3784 summa
541 3714 674 3806 quique
700 3723 864 3799 eventus,
890 3736 980 3806 quae
1007 3715 1078 3784 iam
1102 3712 1188 3786 inde
1208 3711 1387 3806 prinoipia
1407 3712 1577 3804 eognosoi
1591 3733 1669 3802 pos·

33 3865 37 3870 ·
92 3847 162 3914 siat
179 3850 440 3937 quaestionum,
474 3871 560 3942 quas
597 3852 848 3944 consequentia
882 3859 1041 3943 tempora
1065 3849 1225 3920 lelioiori
1252 3869 1333 3918 oum
1359 3869 1526 3918 suooessn
1552 3855 1668 3939 protn-

90 3983 216 4070 lerini,
252 4006 342 4074 quae
369 3964 502 4072 omnia,
537 4008 818 4079 quemquamne
848 3987 972 4058 ultima
998 3984 1144 4077 quidem
1170 3992 1266 4069 snut,
1292 3991 1391 4078 *quae
1416 3981 1666 4076 philosophiae

90 4119 388 4212 historiamerito
402 4125 648 4215 requiruntur,
674 4123 834 4216 graviora
847 4130 963 4192 tamen
978 4119 1141 4192 habenda
1166 4135 1246 4191 esse
1271 4111 1375 4214 pnto',
1403 4142 1507 4211 quam
1532 4140 1666 4187 morem

1144 4243 1161 4300 l
