3846 4794
232 461 336 534 llaec
367 457 503 544 omnia,
536 458 608 530 lom
640 456 776 530 dudum
810 456 850 528 in
882 455 1098 552 colligendis
1134 429 1187 526 et*
1201 454 1458 548 componendis
1490 457 1688 536 Democriti

105 596 312 694 fragmentis
338 601 551 688 occupatus,
570 607 667 666 'cnm
691 613 832 666 mecum
856 601 1076 686 reputarem,
1101 613 1171 664 nec
1196 591 1242 664 ad
1267 594 1339 666 hoo
1361 601 1501 686 tempus
1526 595 1687 690 lehoreni
1713 615 1720 628 ’

105 757 225 808 meum
248 693 390 804 inituim
415 734 548 804 factum
572 731 632 802 vel
644 731 752 823 plane
766 699 930 801 inutilem
942 730 1022 801 fore
1034 727 1207 836 vidissem
1214 778 1227 816 ,
1252 731 1391 819 multis,
1417 753 1508 825 quac
1533 733 1685 807 aliorum

106 891 225 944 curam
250 871 431 962 fugerant,
456 866 628 954 inventis,
653 864 775 938 multis
801 864 924 953 etiarn,
958 889 1049 959 qnae
1073 866 1118 936 ab
1143 866 1225 936 aliis
1249 873 1344 938 mota
1369 846 1486 954 amnt,
1519 868 1557 938 in
1581 891 1712 972 snum,

102 1009 223 1078 locum
237 1002 426 1090 restitutis,
452 1024 524 1073 non
537 1003 713 1098 dubitavi,
740 1000 821 1073 datu
835 1002 1042 1088 occasione,
1067 961 1175 1088 hbeo,
1199 1000 1438 1095 quodecism,
1461 1025 1684 1100 novansque

103 1166 125 1213 a
150 1161 331 1234 quoquam
351 1139 389 1209 in
413 1147 574 1212 veterum
599 1137 910 1238 philosophicarum
934 1109 1094 1208 historiis
1119 1135 1278 1229 prodita,
1302 1139 1340 1214 iu
1364 1139 1485 1212 lucem
1510 1117 1686 1238 ¹arnitterc,

105 1281 369 1370 aequorumquc
396 1283 433 1347 et
456 1282 619 1368 aptorum
643 1265 804 1347 iudicum
830 1275 1013 1345 sententiis
1039 1279 1215 1366 tamquam
1241 1274 1435 1366 specimina
1462 1297 1685 1371 proponere;

105 1412 252 1507 quibus,
278 1413 311 1484 si
336 1411 429 1482 nihil
454 1411 573 1498 aliud,
599 1417 757 1512 atcerte
782 1409 981 1510 Democriti
1005 1408 1195 1504 diligentia
1218 1418 1256 1482 et
1269 1411 1481 1498 constantia,
1506 1411 1685 1506 principia

102 1526 371 1641 philosophiae,
398 1531 467 1639 ¹qua
492 1545 676 1618 devinctus
702 1545 906 1633 tenebatur,
930 1545 1040 1616 etiam
1065 1523 1227 1615 sensibus
1243 1545 1380 1639 iisqne,
1405 1569 1497 1640 qnae
1521 1547 1685 1621 sensibus

100 1659 340 1777 percipimus,
366 1661 591 1770 vindicandi,
617 1680 786 1756 elucebit.
839 1679 991 1754 Omissis
1017 1663 1114 1750 enim
1139 1679 1324 1770 hocloco,
1350 1659 1442 1775 quae
1457 1681 1506 1768 de
1520 1683 1685 1755 universa

103 1829 299 1890 atomorum
331 1817 491 1889 doctrina
524 1821 638 1906 tenet,
678 1817 743 1913 qui
774 1819 833 1890 vel
865 1817 904 1888 in
935 1816 1053 1909 primo
1087 1815 1257 1888 historiae
1296 1817 1548 1910 philosophiae
1566 1801 1572 1812 “
1587 1818 1685 1908 aditu

10 2027 11 2036 χ
105 1953 319 2040 substiterit,
353 1961 489 2040 cetera,
522 1975 613 2045 quae
646 1953 694 2025 de
725 1950 1035 2025 accommodandis
1060 1952 1185 2024 ntonnis
1215 1951 1262 2026 ad
1286 1975 1496 2046 corporum,
1530 1957 1685 2046 quaein

103 2096 332 2182 conspectum
366 2095 524 2160 noshnm
553 2095 662 2185 atque
703 2109 846 2159 sensum
877 2085 1023 2175 cadunt,
1058 2093 1234 2174 naumann,
1266 2088 1518 2161 allemocrito
1542 2089 1684 2182 prodita

104 2231 221 2312 erant,
246 2223 364 2298 adhuc
388 2247 459 2296 uno
484 2225 563 2296 fere
588 2222 791 2295 Aristotelis
824 2224 906 2296 loco
918 2216 951 2318 ¹)
982 2221 1193 2296 nitebantur.
1254 2225 1357 2299 llaec
1387 2231 1520 2298 nomm
1551 2233 1685 2298 consta·
1762 2219 1765 2226 ’

102 2362 207 2449 bant,
240 2369 435 2433 atomorum
465 2359 632 2454 ligsnmn,
666 2359 849 2448 ordinem,
882 2360 988 2434 sitnm
1018 2367 1163 2434 naturae
1195 2361 1352 2435 omnium
1379 2323 1568 2456 corporum
1601 2381 1682 2432 esse

11 2521 13 2532 ’
59 2555 65 2568 .
105 2518 248 2589 causas,
276 2495 366 2568 rstio
390 2495 533 2596 latebat.
1350 2475 1353 2482 ⁴

229 2633 459 2704 Inveniuntur
491 2642 608 2704 antem
641 2633 732 2704 haec
762 2631 956 2725 hagnam
987 2633 1026 2703 in
1057 2635 1324 2725 corruptissimo
1350 2633 1588 2726 Theophrasti
1612 2651 1685 2726 περὶ

104 2739 347 2856 alcmenam·
360 2758 526 2859 αι’ὸθητῶν
550 2767 698 2855 libello,
723 2774 776 2839 tot
798 2773 914 2838 textus
938 2767 1079 2848 mendis
1105 2760 1297 2856 deformia,
1322 2776 1361 2841 ut
1386 2791 1494 2862 saepe
1512 2767 1683 2842 difficilli-

102 2925 200 2975 mum
226 2905 292 2989 sit,
318 2887 569 2976 sententiarum
594 2912 630 2976 et
659 2903 850 2977 verborum
882 2904 1167 2977 coniunctionem
1197 2914 1235 2976 ct
1264 2905 1540 3006 perpetuitatem·
1569 2915 1682 2977 osten·

50 3121 62 3134 ⁸
103 3039 206 3111 dere.
258 3021 511 3112 Sclnmide'ros
534 3047 671 3127 antem,
703 3040 768 3134 qui
799 3017 878 3111 note
906 3039 1035 3114 decem
1058 3043 1137 3144 fera
1162 3062 1272 3112 annos
1298 3041 1538 3134 Theophrasti
1567 3039 1680 3122 libros

104 3173 236 3261 edidit,
268 3174 397 3267 partim
420 3175 559 3248 incama
583 3175 729 3248 mitione
754 3177 889 3248 ratione
915 3175 1059 3264 ductus,
1093 3177 1241 3272 purtim,
1274 3177 1372 3271 quod
1395 3178 1492 3264 viro,
1523 3177 1681 3272 alioquin

101 3313 141 3379 in
165 3311 288 3401 pancio
315 3309 472 3398 erudito,
497 3299 606 3384 focile
630 3313 867 3408 ignoscimus,
891 3313 1142 3406 philosophiae
1166 3314 1415 3386 Democriteus
1441 3313 1637 3408 ignorantie
1662 3335 1683 3382 a
1731 3361 1734 3375 ,

102 3467 187 3516 vern
218 3448 286 3518 via·
307 3455 483 3534 remotus,
515 3455 587 3520 tam
618 3469 744 3542 parum
772 3456 812 3521 et
841 3449 1134 3522 Annotationibus
1166 3458 1203 3522 et
1228 3451 1331 3522 Curis
1358 3447 1524 3522 secundis
1551 3455 1587 3518 et
1611 3443 1681 3520 nd·

103 3582 242 3656 dendis'
257 3584 296 3654 in
313 3585 369 3656 his
394 3587 600 3681 fragmentis
625 3585 816 3678 praestitit,
850 3592 889 3658 ut
918 3585 1012 3658 nihil
1035 3593 1147 3658 restet
1154 3634 1166 3673 ,
1190 3587 1262 3658 nisi
1286 3593 1454 3679 utquam
1478 3583 1679 3657 cautissime

123 3919 168 3980 ιι)
187 3916 221 3968 de
240 3933 326 3972 sensu
344 3928 370 3974 ts·
398 3919 430 3976 τὸ
451 3921 507 3995 γὰρ
530 3918 627 3976 teneda
644 3925 691 3975 eol
703 3919 743 3976 ’τό
764 3923 863 3990 μέλαν,
887 3919 918 3978 so*
940 3927 988 3990 ptr
1013 3919 1101 3996 spotti
1122 3939 1207 3990 φησιν
1225 3911 1311 3980 εἶναι,
1330 3919 1361 3974 τὸ
1378 3917 1409 3975 dl
1426 3920 1581 4002 detorsit
1597 3917 1627 3972 dl
1644 3915 1677 3973 'soi

191 4000 320 4070 σχήματα
341 4003 436 4076 ἀνάγει
457 4002 660 4074 coniunctionis.
703 4005 747 4060 Cf.
777 4005 1004 4060 Tiedemann.
1045 4005 1141 4060 Gsist
1163 4003 1223 4057 der
1254 4007 1392 4073 specul.
1417 4002 1512 4058 Phil.
1552 4003 1631 4055 Tem.
1652 4001 1676 4055 l.

190 4097 299 4224 poem
306 4089 375 4242 (¹1:¹12⁸
376 4093 536 4229 iitsportupam,
555 4108 637 4160 quem
654 4089 690 4144 ds
707 4091 891 4161 sagacisslma
910 4089 1101 4150 Democriteus
1118 4089 1310 4168 philosophiae
1325 4097 1401 4160 parts
1416 4095 1538 4156 tempora
1548 4087 1677 4153 facerint,

1139 4263 1194 4324 1ss
