3846 4794
932 259 1187 336 ..13-

270 423 424 490 ιιιιιιιι
449 375 564 486 naua
594 421 710 486 aomo
739 423 873 484 aaut
922 421 1047 507 suguu
1076 421 1204 502 quorem
1231 421 1432 505 stuprorum
1463 422 1628 486 nanuum
1648 439 1761 488 ussus
1782 447 1842 508 qua

270 532 400 590 ratione
431 523 634 599 afficiantur,
664 525 728 587 hoo
757 523 859 587 totum
887 528 998 591 variae
1023 541 1134 588 ιιι-ιιι
1161 525 1374 607 mutabilique
1407 525 1549 616 ιιιθὲσιι
1582 525 1756 591 obnoxium
1787 533 1842 590 est
1871 559 1873 566 >

269 628 392 692 Αιιιιι
414 629 500 693 enim
520 626 624 710 lignun
644 625 730 688 inter
751 645 786 690 se
807 629 959 701 dirersis,
989 625 1055 690 ιιι
1068 645 1134 692 ιι.
1158 628 1307 710 gustandi
1322 645 1433 692 sensus
1446 628 1726 708 materiaquodam
1747 627 1845 692 affici-

269 735 342 807 tur,
371 732 464 797 cuius
491 731 618 794 natura
635 711 836 796 acutioribus
863 730 977 794 atomis
998 732 1191 804 involvitur,
1221 730 1299 793 hinc
1327 731 1506 812 plerisque
1519 731 1648 812 quidem
1677 733 1844 796 austeritas

268 835 423 916 quaedam
444 831 662 926 asperitasque
684 836 808 916 saporis
829 832 1007 907 efficietur,
1030 833 1086 896 sed
1107 849 1190 924 quac
1211 831 1252 895 ab
1273 833 1346 896 aliis
1368 834 1466 898 etiam
1486 833 1552 898 alia
1567 835 1692 898 ratione
1706 834 1842 917 percipi,

268 936 432 1001 nonnullis
453 915 551 996 ctiam
556 935 663 1016 quasi
683 936 819 1004 dulcedo
836 922 995 1016 quaedam
1021 932 1124 997 rideri
1145 933 1257 1016 possit.
1301 931 1438 999 Nomina
1458 938 1558 1018 igitur
1579 954 1656 1001 casu
1676 935 1771 1002 nohis
1792 937 1844 1000 oh-

267 1042 351 1112 lata,
383 1036 549 1112 hominum
579 1041 655 1103 sunt
687 1040 833 1115 inventa,
860 1053 997 1113 quorum
1022 1037 1213 1115 praevalens
1241 1054 1393 1106 sensuum
1420 1037 1617 1117 similitudo,
1650 1043 1687 1103 ut
1716 1039 1845 1102 nemius

267 1140 360 1220 quasi
381 1141 468 1222 leges
491 1137 765 1224 (adpropiarent,
788 1131 907 1200 effecit.
951 1138 1026 1218 lpse
1046 1139 1145 1222 igitur
1166 1141 1370 1206 Democritus
1383 1144 1476 1210 recte¹
1490 1143 1576 1223 apud
1588 1143 1845 1224 Theophrastum
1894 1207 1895 1218 ,

255 1233 324 1319 ’(ιι
346 1261 440 1308 sensu
462 1243 546 1322 69.)=
568 1241 605 1309 cd
624 1239 682 1315 μὲι
699 1241 805 1316 ,σχῆμα
828 1238 904 1300 καθ’
925 1238 1004 1302 αὑτό
1025 1243 1105 1319 ἐστι,
1132 1241 1169 1302 τι
1190 1243 1224 1303 dd
1245 1241 1342 1318 pauso
1364 1247 1418 1305 aui
1439 1242 1515 1310 otas
1535 1245 1570 1304 τὸ
1594 1243 1749 1320 αἰσθητόν
1773 1243 1846 1320 opos

267 1339 341 1405 ἄλλο
363 1350 417 1408 uua·
438 1346 472 1406 ιι
493 1341 614 1416 ἄλλοις
636 1344 671 1405 et
691 1341 885 1408 Plutarchus
913 1344 971 1424 (dc
991 1347 1098 1429 primo
1117 1345 1238 1429 frigido
1259 1367 1291 1428 p.
1309 1351 1416 1426 otc),
1447 1348 1626 1411 Democriti
1654 1347 1845 1412 seutentiam

266 1447 367 1531 proha
395 1447 597 1528 intelligens,
631 1443 850 1519 Democritus,
876 1445 998 1528 inquit,
1024 1449 1057 1511 et
1085 1448 1197 1524 Plato,
1231 1449 1349 1514 caloris
1372 1449 1592 1532 etgravitatis
1614 1468 1728 1514 causas
1750 1468 1845 1529 quac·

265 1555 391 1633 rentes,
415 1567 477 1612 non
500 1547 730 1629 acquieverunt
750 1547 785 1610 in
806 1550 895 1612 terra
916 1549 949 1612 et
970 1548 1037 1633 igni
1058 1551 1212 1632 tanquam
1229 1553 1420 1635 principiis3
1443 1552 1500 1616 sed
1520 1553 1580 1628 iis,
1603 1571 1686 1634 quae
1697 1553 1845 1616 sensibus
1895 1553 1896 1580 l

265 1651 505 1736 percipiuntur,
528 1651 569 1714 ad
590 1649 705 1715 mentis
727 1649 975 1734 intelligentiam
996 1655 1191 1731 referendis,
1223 1673 1326 1736 usque
1353 1654 1394 1718 ad
1415 1655 1566 1734 minima,
1599 1653 1694 1734 quasi
1722 1655 1846 1718 semina

264 1773 391 1827 reram,
415 1755 634 1834 penetrarunt
676 1755 759 1818 'lota
786 1753 868 1818 haec
897 1755 1148 1838 philosophandi
1173 1759 1259 1822 ratio
1286 1775 1347 1839 per
1374 1756 1559 1838 sequidem
1580 1758 1719 1821 ridicula
1739 1755 1847 1822 uideri

264 1857 386 1938 potest,
415 1856 552 1922 studium
578 1875 655 1922 vero
683 1859 716 1921 et
745 1860 942 1934 constantia,
973 1871 1070 1939 quam
1096 1860 1166 1941 ipse
1193 1858 1360 1934 ιιιιιιιιι,
1389 1877 1450 1924 ιιι
1480 1859 1659 1942 ignoranda
1678 1877 1740 1923 nec
1769 1877 1847 1923 con·

244 1958 442 2023 'temnenda
486 1961 546 2024 Vel
573 1963 747 2025 sectatores
769 1960 926 2027 habuisse
946 1961 1074 2026 ridetur
1100 1963 1277 2045 (Theophr.
1290 1961 1393 2024 Caua
1415 1963 1518 2042 plaut.
1541 1962 1596 2035 Vl,
1619 1966 1649 2025 2.
1680 1965 1713 2022 et
1735 1963 1846 2040 olibi),

263 2061 379 2143 quibus
407 2064 543 2129 fortasse
572 2061 775 2128 Metrodorus
795 2063 856 2128 ille
883 2063 986 2172 Chius
1009 2063 1266 2128 adnumerandus
1298 2064 1361 2134 est,
1392 2063 1433 2124 de
1464 2078 1528 2140 quo
1557 2061 1621 2122 alio
1646 2060 1722 2119 loco
1748 2060 1851 2139 plura

263 2166 354 2231 nohis
377 2166 620 2231 reservavimus.

255 2297 259 2303 ·
346 2269 511 2351 Tanquam
533 2253 695 2349 epitomen
716 2267 813 2332 huius
833 2267 1014 2344 doetrinae,
1047 2283 1144 2349 quam
1164 2260 1373 2346 sequentihus
1390 2261 1583 2345 linamentis
1603 2259 1768 2340 utcunque
1790 2277 1846 2325 ex-

263 2371 418 2455 plicatam
447 2373 689 2454 expositamque
716 2371 887 2453 lmhemus,
914 2372 1051 2455 legimus
1079 2368 1167 2453 apud
1208 2365 1369 2448 Theophr.
1404 2365 1445 2430 de
1474 2364 1566 2428 Caua.
1596 2364 1696 2445 plaut.
1725 2363 1788 2437 ιιι,ἱ
1814 2369 1845 2430 6.
1897 2365 1898 2370 ’

263 2472 454 2552 Δημόκριτοι
475 2473 509 2535 δι
529 2475 633 2552 σχῆμα
654 2477 824 2551 περιτιθείς
843 2467 1024 2556 ἐιιστῳῐ),
1057 2469 1208 2548 γλυκύν
1235 2469 1293 2544 μὲν
1318 2465 1374 2530 τόν
1400 2463 1592 2544 στρογγύλοι
1612 2467 1666 2527 και
1686 2460 1843 2542 εὐμεγέθη

298 2717 328 2788 1)
346 2705 400 2769 sed
418 2729 470 2783 quo
488 2713 594 2766 olarlus
613 2709 681 2764 haec
698 2727 829 2780 saporum
848 2711 1000 2778 descriptio
1019 2681 1141 2774 eluceat,
1159 2721 1330 2775 apponamus
1346 2707 1439 2759 locum
1458 2703 1627 2774 e'I'heophr.
1642 2705 1734 2756 Ceus.
1753 2704 1847 2770 plant:

348 2799 396 2864 vi,
414 2812 441 2853 ¹2.
460 2800 706 2866 corruptissimum
725 2800 811 2851 illum
828 2799 959 2867 quidem,
978 2795 1028 2850 sed
1048 2794 1121 2847 unde
1139 2799 1247 2846 ιιιιιιιι
1266 2795 1426 2845 coniectura
1445 2793 1556 2860 assequi
1576 2793 1732 2858 possimus,
1752 2792 1843 2856 ipsam

350 2888 434 2941 etiam
461 2883 617 2954 figurarum
634 2883 842 2936 similitudinem
864 2882 1021 2935 secundnm
1042 2884 1151 2938 variam
1177 2881 1309 2931 materiae
1331 2880 1535 2946 particularum
1558 2878 1666 2944 copiam
1687 2875 1772 2945 (qood
1791 2891 1842 2928 nos

350 2971 442 3026 dicere
460 2972 600 3035 solemus,
626 2969 710 3024 nach
738 2969 1112 3038 ihrerquantitatiren
1136 2963 1479 3032 verschiedeuhcit)
1502 2963 1590 3016 variis
1610 2961 1702 3016 modis
1721 2963 1844 3014 esseni.

347 3055 503 3110 ficientemr
536 3057 647 3111 Ἀιιιιιι
673 3055 702 3112 δι
729 3054 838 3112 κάκεῖνο
860 3063 919 3120 τοῖς
940 3053 1021 3112 κατι
1046 3052 1133 3124 (quod
1157 3053 1236 3121 vulg.
1259 3053 1371 3117 omiss.)
1390 3071 1423 3105 ra
1358 3046 1568 3117 )σχιιμαια
1581 3049 1731 3120 λέγουσιν,
1755 3046 1842 3113 dordr

348 3140 449 3212 ὁμοίων
467 3138 588 3216 διιφιρι
604 3139 675 3198 κατι
682 3140 839 3248 umpafrqcu
860 3147 907 3198 και
929 3143 1051 3212 μέγεθος
1076 3145 1115 3202 atr
1140 3135 1172 3194 τὸ
1197 3133 1235 3206 μὴ
1257 3135 1305 3204 raia
1330 3132 1416 3200 αὐιὴι
1435 3135 1504 3200 ἔχιν
1524 3131 1654 3202 δύναμιν·
1674 3134 1709 3189 οὗ
1725 3131 1780 3206 γιρ
1797 3135 1844 3186 ιιι

348 3228 538 3300 ῑῆςιωιφηιι
562 3225 635 3282 ἀλλά
657 3229 709 3283 noio
731 3230 820 3298 ὄγκων
843 3219 888 3295 (ex
907 3225 1068 3295 martura)
1094 3225 1245 3280 ποιοῦσι
1266 3221 1327 3284 τὰς
1348 3217 1487 3286 (Sarnaca.
1512 3227 1589 3274 uorat
1608 3216 1672 3285 τις,·
1694 3224 1842 3286 utrumque

348 3314 427 3384 vulg.
446 3311 559 3378 omiss.)
583 3310 725 3380 δυνάμεις,
750 3314 810 3377 oric
833 3317 865 3368 al
886 3319 947 3383 μιν
969 3312 1053 3368 κατὰ
1076 3311 1167 3381 (vulg.
1193 3308 1227 3371 ις
1247 3309 1361 3408 tropumr
1366 3300 1491 3358 sconelo.
1515 3303 1566 3367 οὓς
1589 3307 1628 3366 etc
1651 3300 1765 3373 μιν)
1734 3325 1764 3360 ιο
1784 3303 1842 3358 δια-

350 3397 511 3468 Maeotim
527 3399 568 3463 (i)
555 3399 632 3463 )και
654 3399 749 3464 αιιλιις
763 3396 794 3454 τι
811 3401 916 3466 μᾶλλον
939 3405 985 3454 και
1001 3387 1081 3466 ἦττον
1100 3393 1184 3465 (Cod.
1203 3393 1269 3445 [ιι-ιι
1288 3388 1318 3446 τι
1342 3379 1421 3457 ἦττον
1450 3388 1523 3458 quod
1545 3387 1715 3457 praeferam
1743 3390 1844 3456 supple

348 3483 561 3554 esequaaubus
581 3483 749 3552 ἀπέδωκαν),
770 3483 907 3548 καλῶς’
890 3505 931 3540 αι
955 3486 1056 3541 τοῦτο
1080 3481 1257 3538 ἀπέδωκαν
1281 3478 1354 3542 (sire
1379 3473 1536 3544 talequid3
1562 3475 1641 3544 vulg.
1665 3472 1724 3543 τάχ’
1746 3475 1779 3531 ιν
1805 3496 1845 3539 τις

350 3570 545 3636 ἀποδέδωκιι)·
563 3568 601 3626 ιδ
620 3572 653 3625 δ
643 3591 655 3626 ι
673 3575 724 3634 alc
739 3591 778 3628 co
794 3568 838 3640 μή
859 3570 965 3628 cadro
983 3571 1077 3638 (ruslg.
1096 3572 1136 3630 ιις
1153 3567 1181 3622 δὲ
1198 3559 1229 3618 τι
1251 3559 1290 3632 μή
1313 3558 1395 3628 αὐτό)
1418 3560 1563 3639 δύνασθαι
1583 3561 1653 3630 μηιι
1676 3569 1764 3618 ποιεῖν
1788 3565 1843 3628 (ec.

349 3655 537 3722 ἀποδιδόναι),
556 3655 607 3712 οὐκ
624 3657 748 3727 asiloque?
767 3659 825 3712 ιιιιι
843 3657 871 3713 ιν
889 3665 948 3721 τοῖς
965 3653 1103 3722 σχήμασιν
1118 3656 1149 3705 αι
1162 3645 1299 3716 δυνάμεις.
1336 3647 1442 3700 Sensus
1461 3649 1550 3728 igitur
1568 3645 1615 3698 hic
1633 3663 1696 3700 esse
1714 3647 1842 3702 ridetur:

337 3739 493 3814 absurde,
513 3745 560 3812 qui
579 3758 710 3812 saporum
728 3749 856 3796 naturam
875 3741 975 3812 liguris
995 3740 1074 3808 gigni
1098 3741 1208 3804 putant,
1232 3735 1355 3796 iaciunt,
1380 3750 1466 3802 quum
1491 3731 1564 3800 quae'
1584 3733 1708 3800 alioquin
1733 3734 1842 3786 similia

241 3893 247 3900 .
351 3831 424 3890 sint.
443 3829 473 3881 ri
491 3834 519 3878 et
536 3828 635 3880 effectu
654 3826 794 3898 (δυνάμει)
814 3831 888 3881 inter
905 3841 937 3876 se
955 3821 1071 3874 differre
1089 3829 1203 3891 putent,
1221 3823 1392 3892 quomeiora
1406 3821 1551 3872 minorare
1569 3819 1645 3883 sint3
1664 3821 1842 3888 nequeenim

349 3909 440 3982 figura
462 3913 580 3978 (solum)
605 3913 655 3968 sed
682 3915 834 3983 quantitate
857 3909 1020 3976 (diuersum)
1049 3908 1178 3960 effectum
1206 3904 1271 3958 fieri
1295 3910 1434 3969 statuunt,
1458 3921 1539 3973 quem
1562 3905 1588 3956 si
1617 3906 1783 3958 retulissent
1805 3904 1842 3957 ad

348 3997 445 4066 plusve
462 3999 586 4050 minusue
604 4001 670 4066 (non
689 3999 725 4050 ad
743 3996 892 4060 diuersum)
910 3994 1013 4064 agendi
1030 3999 1207 4062 potestatem,
1231 3997 1305 4044 recte
1324 3993 1503 4055 statuissentq
1522 3997 1622 4042 natura
1640 3997 1731 4042 aulem
1750 3991 1842 4042 diver-

350 4100 414 4137 sum
432 4087 574 4138 similium
592 4101 687 4138 rerum
707 4085 835 4138 effectum
854 4082 1025 4151 postulantes
1046 4083 1138 4149 inepte
1161 4079 1284 4142 iaciunt3
1308 4074 1441 4147 afiguris
1460 4078 1549 4142 enim,
1568 4076 1641 4147 quod
1659 4083 1687 4129 et
1704 4077 1760 4146 ipsi
1778 4091 1842 4128 eon.

350 4170 467 4223 tendunt
484 4171 549 4238 (sed
566 4171 599 4251 ιιι
619 4170 664 4223 hie
682 4169 770 4232 solis,
789 4167 863 4240 quod
880 4169 995 4238 negant)
1011 4167 1055 4221 ιιι
1074 4171 1101 4219 et
1118 4166 1234 4220 effectus
1252 4155 1382 4231 pendent.
