3846 4794
322 923 328 934 .
408 922 413 929 .
465 867 523 966 n„
562 867 743 938 Excursus
777 866 824 940 de
849 865 1061 936 Democrete
1087 865 1303 959 philosopho
1331 869 1601 956 οοιιιιηοιιῐὶοίο.Ι

344 1262 531 1361 Veteribus
550 1287 774 1370 pbilosophis,
796 1305 932 1369 quorum
949 1289 1041 1354 nobis
1054 1292 1211 1375 opuscula
1225 1291 1381 1372 quaedam
1393 1275 1591 1355 sententiosa
1605 1291 1722 1356 relicta
1736 1297 1825 1376 sunt,

241 1393 448 1462 hemocrates
468 1391 597 1474 quidam
619 1389 820 1454 adnumerari
840 1393 942 1471 solet,
964 1392 1056 1456 cuius
1071 1397 1104 1457 et
1118 1397 1255 1459 aetatem
1278 1395 1310 1458 et
1331 1393 1469 1477 patriam
1485 1394 1626 1458 etritam
1645 1397 1678 1458 et
1698 1396 1823 1479 scripta

241 1497 366 1579 spissis,
386 1494 507 1578 quibus
524 1494 670 1560 involuta
691 1493 790 1570 sunt,
804 1491 946 1556 tenebris
968 1496 1088 1559 frustra
1110 1500 1258 1562 evolvere
1284 1497 1419 1560 coneris.
1462 1494 1678 1562 Nihilominus
1705 1497 1823 1582 Pytha·
1917 1563 1918 1568 ,

239 1601 370 1682 goricae
389 1597 582 1680 disciplinae
603 1595 793 1660 sectatorem
815 1613 889 1660 cum
914 1596 1033 1678 luisse,
1067 1598 1177 1663 ionica
1205 1619 1299 1664 usum
1330 1599 1486 1676 dialecto,
1514 1601 1663 1683 plerique
1692 1617 1823 1666 conces·

240 1701 319 1765 sisso
341 1700 497 1764 ridentur.
539 1699 659 1763 Mirum
679 1697 797 1780 igitur,
827 1697 986 1763 nemiuem
1014 1700 1176 1783 omnium,
1209 1704 1395 1783 quicunque
1422 1705 1455 1766 et
1475 1703 1695 1785 superioribus
1717 1705 1751 1767 et
1770 1723 1821 1768 re·

239 1803 437 1868 cautioribus
456 1801 655 1885 temporibus
675 1799 709 1863 in
732 1800 921 1883 colligendis
953 1800 1107 1866 eiusmodi
1129 1803 1298 1867 sententiis
1319 1803 1438 1868 versuti
1459 1807 1557 1887 sunt,
1585 1807 1708 1871 nullam
1729 1823 1821 1888 pror·

240 1923 311 1982 sus,
332 1923 374 1968 ne
395 1905 565 1970 confictam
586 1901 716 1984 quidem
738 1901 786 1965 de
799 1903 866 1968 rita
886 1905 940 1967 rel
968 1905 1099 1985 scriptis
1129 1904 1227 1970 huius
1255 1907 1444 1990 philosophi
1468 1907 1664 1974 mentionem
1692 1909 1822 1989 edspcr·

100 2027 111 2040 ·
238 2005 334 2087 sisse,
365 2011 398 2070 et
418 2006 622 2090 philosophi,
653 2023 715 2085 pro
736 2006 827 2083 tanta
849 2009 1081 2072 sententiarum
1109 2010 1142 2071 et
1168 2010 1326 2092 sapientia
1353 2013 1386 2073 et
1416 2010 1575 2091 elegantia
1602 2009 1690 2072 haud
1719 2009 1825 2092 digni,
1917 2069 1918 2088 ,

240 2109 332 2172 cuius
351 2110 419 2174 rite
440 2114 473 2175 et
494 2126 600 2174 mores
620 2107 709 2188 turpi
729 2106 896 2173 sorderent
918 2107 1090 2174 oblivione
1135 2109 1199 2174 Sed
1229 2109 1315 2172 enim
1342 2111 1405 2174 hae
1431 2111 1505 2189 ipsa
1535 2127 1571 2170 re
1598 2125 1664 2171 non
1685 2109 1824 2193 poteris,

238 2211 317 2292 quin
338 2211 476 2278 nominis
496 2211 566 2276 eius
587 2209 809 2278 celebritatem
829 2209 915 2292 apud
937 2212 1088 2293 antiquos
1099 2231 1164 2276 non
1177 2211 1225 2276 its
1240 2229 1387 2304 magnam
1401 2210 1499 2274 hsisse
1514 2209 1659 2292 colligas.
1703 2209 1823 2276 Plures

237 2313 369 2396 quidem
389 2314 488 2378 luisse
508 2312 650 2394 antiquis
670 2311 886 2397 temporibus,
907 2313 948 2378 ud
968 2334 1048 2395 quos
1069 2315 1269 2379 llemocratis
1290 2332 1407 2378 nomen
1426 2312 1622 2394 pertineret,
1644 2312 1723 2377 satis
1743 2331 1820 2377 con·

237 2419 321 2499 stat,
349 2417 406 2481 scd
426 2435 537 2482 eorum
556 2417 714 2496 omnium,
745 2435 825 2497 quos
853 2417 946 2481 Oohr.
976 2417 1117 2482 0rellius
1146 2418 1262 2500 opusc.
1285 2416 1400 2482 Graec.
1421 2418 1485 2482 ret.
1508 2413 1693 2482 sententios.
1716 2420 1819 2498 praef.

237 2538 269 2600 p.
291 2519 431 2584 xxxvl.
453 2523 633 2601 enumerat,
653 2521 779 2585 huillum
799 2519 945 2602 repperi,
976 2519 1016 2583 ad
1037 2537 1132 2598 quem
1153 2521 1334 2603 fragmenta
1354 2521 1414 2582 illa
1435 2538 1508 2582 oum
1529 2519 1639 2599 aliqua
1658 2517 1820 2584 consimi-

236 2619 383 2689 litudinis
404 2622 513 2704 specie
533 2624 570 2685 ut
591 2621 631 2686 od
647 2623 814 2686 auctorem
832 2637 926 2684 suurn
941 2621 1059 2684 referri
1075 2621 1208 2704 possint.
1251 2619 1402 2685 Nostrum
1422 2619 1524 2701 enim,
1546 2619 1574 2682 si
1594 2621 1722 2702 quidem
1740 2623 1819 2698 hut,

236 2741 368 2788 necesse
388 2725 451 2806 est,
472 2724 559 2805 quod
579 2743 598 2788 e
618 2725 787 2788 vetustiori
808 2724 934 2788 ionicae
956 2724 1085 2806 liuguae
1106 2723 1246 2788 dialemo
1269 2725 1421 2806 apparet,
1450 2722 1600 2803 pluribus
1628 2724 1703 2786 ante
1725 2719 1821 2786 Ghri-

238 2828 322 2891 stum
349 2829 461 2891 natum
488 2827 625 2890 saeculis
652 2823 787 2900 vixisse,
815 2845 913 2918 quum
944 2843 1071 2904 eorum,
1106 2837 1186 2907 quos
1208 2826 1350 2889 0rellius
1369 2827 1541 2903 memorat,
1568 2843 1653 2888 unus
1684 2825 1823 2907 Augusti

238 2928 453 3010 temporibus,
475 2927 620 2992 medicae
642 2927 704 2991 arti
726 2929 869 3006 deditus,
891 2929 1015 2992 athlete
1027 2931 1129 3006 alter,
1151 2929 1267 2992 tertius
1282 2927 1409 3009 rhetor,
1431 2927 1601 3010 Augustini
1614 2930 1819 3010 praeceptor,

239 3033 371 3111 quartus
393 3029 563 3094 Commodo
584 3029 764 3110 imperante
793 3031 1005 3114 philqsophus
1032 3031 1132 3094 luisse
1161 3033 1293 3098 teratur.
1337 3029 1468 3109 Reliqui
1493 3033 1585 3112 sunt,
1612 3031 1821 3096 Democrates
1915 3025 1916 3108 l

239 3131 388 3214 quidam,
417 3131 560 3216 Lysidis‚
590 3132 684 3196 cuius
711 3151 827 3197 nomen
859 3133 948 3197 inter
973 3132 1120 3197 Platonis
1145 3132 1288 3217 dialogos
1308 3133 1365 3196 uni
1386 3134 1607 3214 praepositum
1627 3135 1692 3210 est,
1713 3135 1819 3216 pater,
1915 3164 1916 3193 r

238 3230 390 3301 Αἰξωνεύς
411 3235 459 3316 (h.
482 3253 509 3298 e.
532 3253 551 3298 e
571 3253 656 3318 pago
674 3235 810 3317 Αἰξωνή,
838 3235 1024 3316 Cecropidis
1046 3233 1183 3314 tribus),
1207 3255 1302 3316 quem
1322 3235 1409 3323 inter
1430 3237 1462 3298 et
1482 3234 1623 3300 ionicam
1644 3234 1820 3301 dialectum

240 3339 324 3410 ratio
353 3335 527 3402 intercedit
558 3331 667 3419 nulla‘,
698 3323 782 3401 alius
804 3336 953 3419 quidam,
985 3338 1202 3402 aPlutarcho
1229 3336 1351 3401 alicubi
1372 3341 1584 3419 memoratus,
1611 3356 1708 3418 quem
1727 3339 1822 3404 circa

240 3440 290 3503 01.
314 3441 377 3504 cx
396 3440 532 3504 Athenis
552 3439 698 3503 floruisse
719 3439 815 3512 dicit,
838 3442 871 3502 et
892 3439 1035 3520 quisquis
1057 3441 1196 3521 denique
1216 3439 1273 3504 ille
1293 3441 1357 3503 luit
1370 3440 1593 3522 Democrates,
1615 3459 1711 3522 quem
1731 3441 1820 3507 idem
1914 3477 1915 3484 κ

240 3541 435 3607 Plutarchus
457 3544 499 3607 ab
521 3542 664 3624 Epicuro
686 3543 808 3606 acriter
829 3543 1023 3624 exagitatum
1053 3541 1122 3606 csse
1143 3542 1270 3626 scribit,
1301 3544 1378 3624 quia
1405 3563 1445 3608 ex
1471 3543 1567 3607 huius
1594 3545 1724 3626 scriptis
1743 3563 1823 3610 suos
1914 3537 1915 3550 ¹

240 3643 298 3708 ille
317 3647 463 3709 hortulos
484 3645 621 3726 irrigare
643 3663 737 3707 ausus
757 3644 889 3722 luisset,
910 3645 974 3708 nist
994 3647 1097 3726 torte,
1119 3645 1204 3724 quod
1225 3664 1284 3710 suo
1305 3646 1442 3727 quodam
1461 3643 1534 3709 iure
1555 3646 1695 3712 0rellius
1714 3648 1822 3729 suspi-

239 3746 309 3812 cari
329 3746 474 3824 videtur,
501 3767 567 3811 una
593 3764 728 3829 persona
756 3746 790 3810 in
818 3747 897 3810 duas
923 3747 1064 3810 eiusdem
1091 3747 1229 3812 nominis
1258 3747 1347 3830 abiit,
1405 3748 1467 3812 Sed
1474 3793 1485 3831 ,
1515 3769 1708 3832 quamquam
1733 3752 1820 3816 haec
1913 3807 1914 3832 ,

239 3866 353 3932 parum
375 3847 555 3932 sufficiant,
577 3866 746 3932 ponamus,
768 3849 855 3912 hunc
875 3850 928 3912 rel
948 3851 1008 3912 hos
1028 3849 1108 3912 duos
1130 3869 1215 3931 esse,
1236 3849 1353 3930 quibus
1365 3852 1553 3933 ‘hagmente
1574 3856 1683 3916 nostru
1704 3853 1820 3918 ionica
1913 3905 1914 3930 ,

241 3949 376 4016 attribui
397 3954 533 4033 queant,
563 3954 618 4033 qui
639 3951 766 4015 tandem
786 3949 859 4014 fieri
888 3952 1010 4032 potuit,
1043 3953 1081 4014 ut
1102 3951 1287 4034 quicunque
1308 3957 1455 4018 auctores
1476 3972 1579 4033 usque
1599 3954 1641 4019 ad
1660 3957 1820 4021 loannem
1913 3931 1914 4007 ἶ

240 4054 415 4119 Stobaenm
435 4054 608 4118 sententias
629 4054 893 4136 pbilosophorum
913 4055 1050 4118 selectas
1075 4057 1129 4119 rel
1159 4056 1361 4138 collegcrsmt
1390 4057 1442 4120 rel
1471 4055 1565 4121 libris
1591 4059 1658 4122 suis
1679 4059 1821 4125 ornandi

241 4173 339 4222 causa
369 4157 589 4235 inseruerrmt‚
625 4174 720 4222 nemo
754 4159 857 4222 ullum
885 4157 982 4222 huius
1011 4155 1074 4221 viri
1100 4159 1349 4243 thagmentulum
1377 4159 1508 4242 dignum
1534 4160 1701 4244 habuerit,
1729 4161 1819 4242 quod
